@misc{najd2016trees,
  title={Trees that grow. JUCS (2016)},
  author={Najd, Shayan and Peyton-Jones, Simon},
  year={2016}
}
